%%%%%%%%%%%%%%%%%%%%%%%%%%%%%%%%%%%%%%%%%%%%%%%%%%%%%%%%%%%%%%%%%%%%%%%%%%
%%%%%%%%%%%%%%%%% My Refs %%%%%%%%%%%%%%%%%%%%%%%%%%%%%%%%%%%%%%%%%%%%%%%%
%%%%%%%%%%%%%%%%%%%%%%%%%%%%%%%%%%%%%%%%%%%%%%%%%%%%%%%%%%%%%%%%%%%%%%%%%%
@article{firefly,
 author = {R. Mangharam and A. Rowe and R. Rajkumar},
 title = "{FireFly: A Cross-layer Platform for Real-time Embedded Wireless Networks}",
 journal = {Real-Time System Journal},
  year = {2007}
}

@article{rtlink,
author = "A. Rowe and R. Mangharam and R. Rajkumar",
title = "{RT-Link: A Time-Synchronized Link Protocol for Energy-Constrained Multi-hop Wireless Networks}",
journal = "{IEEE SECON}",
year = "2006"
}

@article{firefly_voice,
author = "R. Mangharam and A. Rowe and R. Rajkumar",
title = "{Voice over Sensor Networks}",
journal = "{RTSS}",
year = "2006"
}

@article{ niosh,
author = "R. J. Tuchman and R. F. Brinkley",
title = "{A History of the Bureau of Mines Pittsburgh Research Center}",
journal = "US Bureau of Mines",
pages = "1-23",
year = "1990"
}

@misc{evm_arch,
author = "{M. Pajic and R. Mangahram}",
title = "{Embedded Virtual Machines: Technical Report ESE-2009-01}",
year = "2009"
}

@misc{evm_website,
title = "{EVM website - http://mlab.seas.upenn.edu/evm}",
year = "2009"
}
%%%%%%%%%%%%%%%%%%%%%%%%%%%%%%%%%%%%%%%%%%%%%%%%%%%%%%%%%%%%%%%%%%%%%%%%%%
%%%%%%%%%%%%%%%%% Intro Refs %%%%%%%%%%%%%%%%%%%%%%%%%%%%%%%%%%%%%%%%%%%%%
%%%%%%%%%%%%%%%%%%%%%%%%%%%%%%%%%%%%%%%%%%%%%%%%%%%%%%%%%%%%%%%%%%%%%%%%%%

@misc{market,
title = "{Frost and Sullivan, North American Sensor Markets, Technical Report A-761-32}",
year = "2004"
}

@misc{ downtime,
title = "{Nielsen Research, Downtime Costs Auto Industry}",
year = "2006"
}


%%%%%%%%%%%%%%%%%%%%%%%%%%%%%%%%%%%%%%%%%%%%%%%%%%%%%%%%%%%%%%%%%%%%%%%%%%
%%%%%%%%%%%%%%%%% Main Refs %%%%%%%%%%%%%%%%%%%%%%%%%%%%%%%%%%%%%%%%%
%%%%%%%%%%%%%%%%%%%%%%%%%%%%%%%%%%%%%%%%%%%%%%%%%%%%%%%%%%%%%%%%%%%%%%%%%%
@misc{ nanork,
title = "{nano-RK Sensor RTOS. http://nanork.org}"
}

@article{platforms,
author = " J. Hill and M. Horton and R. Kling and L. Krishnamurthy",
title = "{ Platforms enabling wireless sensor networks}",
journal = "{Communications of the ACM, 47(6):41-46}",
year = "2004"
}

@article{mate,
author = " P. Levis and D. Culler ",
title = "{ Mate: A Tiny Virtual Machine for Sensor Networks }",
journal = "{ACM ASPLOS-X }",
year = "2002"
}

@article{forth,
author = " L. Brodie ",
title = "{ Starting FORTH}",
journal = "{2nd Ed., Prentice-Hall}",%ISBN 0-13-843079-9}",
year = "1987"
}

@inproceedings{pockethypervisors:,
    author = "{L. P. Cox and P. M. Chen}",
    title = "{Pocket hypervisors: Opportunities and challenges}",
    journal = "{8th Workshop on Mobile Computing Systems and Applications (HotMobile)}",
    year = "2007"
}

@inproceedings{satya,
   author = "{A. Surie and A. Lagar-cavilla and E. De Lara and M. Satyanarayanan}",
    title = "{Low-Bandwidth VM Migration via Opportunistic Replay}",
   booktitle = "{8th Workshop on Mobile Computing Systems and Applications (HotMobile)}",
    year = "2007"
}

 
@article{sos,
author = "S. Han et. al",
title = "{SOS : A Dynamic Operating System for Sensor Nodes}",
journal = "ACM Mobisys",
year = "2005"
} 

@article{virtual-infra,
author = "G. Chockler and S. Gilbert and N. Lynch",
title = "{Virtual Infrastructure for Collision-Prone Wireless Networks}",
journal = "{PODC}",
year = "2008"
}

@article{virtual-node,
author = "M. Brown et. al.",
title = "{The Virtual Node Layer: A Programming Abstraction for Wireless Sensor Networks}",
journal = "{WWSNA}",
year = "2007"
}


@article{liteos,
 author = {Q. Caoand and et. al},
 title = "{The LiteOS: Towards Unix-Like Abstractions for WSNs}",
 journal = {IEEE IPSN},
 year = {2008}
 }

@article{pixie,
 author = {Lorincz, K. and et. al},
 title = "{Resource Aware Programming in the Pixie OS}",
 journal = {ACM SenSys},
 year = {2008} 
 }

@article{contiki,
 author = {Dunkels, A. et al.},
 title = "{Contiki - A Lightweight Operating System for Tiny Networked Sensors}",
 journal = {IEEE LCN},
 year = {2004}
 }

@article{mantis,
 author = {S. Bhatti et. al},
 title = "{MANTIS OS: An Embedded Multithreaded Operating System for wireless micro sensor platforms}",
 journal = {Mob. Netw. Appl.},
 year = {2005}
 }
 
 @article{swissqm,
 author = {R. Muller and G. Alonso and D. Kossmann},
 title = "{A Virtual Machine for Sensor Networks}",
journal = {ACM EuroSys},
 year = {2007}
 }


%@article{mantis,
%author = "H. Abrach et. al",
%title = "{MANTIS: System Support For MultimodAl NeTworks of In-situ Sensors}",
%journal = "ACM International Workshop on Wireless Sensor Networks and Applications (WSNA)",
%year = "2003"
%} 

@article{tinyos,
author = "J. Hill et. al",
title = "{System Architecture Directions for Network Sensors}",
journal = "ASPLOS",
year = "2000"
} 

@inproceedings{xen,
author = "P. Barham et. al",
title = "{Xen and the art of virtualization}",
journal = "Proc. ACM Symposium on Operating Systems Principles (SOSP)",
year = "2003"
} 

@article{dunkles,
    author = "{A. Dunkels and N. Finne and J. Eriksson and T. Voigt}",
    title = "{Run-time Dynamic Linking for Reprogramming Wireless Sensor Networks}",
    journal = "{ACM SenSys}",
    year = "2006"
}

@inproceedings{scylla,
    author = {P. Marbell and L. Iftode},
    title = "{Scylla: A Smart Virtual Machine for Mobile Embedded Systems}",
    booktitle = {WMCSA},
    year = {2000}
}

@misc{ ieee802_15_4,
title = "{IEEE 802.15.4-2003 Specifications for Low Rate Wireless Personal Area Networks Part 15.4: Wireless MAC and PHY}",
year = "2003"
}

@book{forth_handbook,
   author = "Edward K. Conklin, Elizabeth D. Rather",
   title= "FORTH Programmer's Handbook",
   publisher = "FORTH Inc",
   year = 2007
   }


@article{ bmac,
author = "J. Polastre and J. Hill and D. Culler",
title = "{Versatile Low Power Media Access for Wireless Sensor Networks}",
journal = "{ACM SenSys}",
year = "2005"
}

@article{ smac,
author = "W. Ye and J. Heidemann and D. Estrin",
title = "{An Energy-Efficient MAC Protocol for Wireless Sensor Networks}",
journal = "INFOCOM",
month = "June",
year = "2002"
}

@article{bqp1,
author = "D.J. Laughunn",
title = "{Quadratic binary programming with applications to capital budgeting problem}",
journal = "Operations Research, vol. 14, pp. 454-461",
year = "1970"
} 

@article{bqp2,
author = "J. Krarup and P.M. Pruzan",
title = "{Computer-aided layout design}",
journal = "Mathematical Programming Study, 9:75-94",
year = "1978"
} 

@article{bqp3,
author = "G. Gallo and P. Hammer and B. Simeone",
title = "{Quadratic knapsack problems}",
journal = "Math. Programming Study. v12. 132-1",
year = "1980"
} 

@article{bqp4,
author = "B. Alidaee and G. A. Kochenberger and A. Ahmad",
title = "{0-1 Quadratic programming approach for optimum solutions of two scheduling problems}",
journal = "Intl. Journal of Systems Science, vol. 25, no. 2, pp. 401-408 ",
year = "1994"
} 

@article{bqp5,
author = "P. Merz and B. Freisleben",
title = "{Genetic algorithms for binary quadratic programming}",
journal = "In GECCO'99, volume 1, pages 417-- 424 ",
year = "1999"
}

@article{ilp,
author = " A. Schrijver ",
title = "{ Theory of Linear and Integer Programming}",
journal = "{John Wiley \& sons, 1998, ISBN 0-471-98232-6}",
year = "1998"
}

@misc{hart,
title = "{ HART Field Communication Protocol Spec., Rev 7}",
year = "2007"
}
%%%%%%%%%%%%%%%%%%%%%%%%%%%%%%%%%%%%%%%%%%%%%%%%%%%%%%%%%%%%%%%%%%%%%%%%%%

@article{disjoint-edeg,
author = " J. Kleinberg ",
title = "{ An approximation algorithm for the disjoint paths problem in even-degree planar graphs}",
journal = "{FOCS}",
year = "2005"
}

@article{link-disjoint,
author = " H.C. Lin and et.el.",
title = "{ Finding Routing Paths for Alternate Routing in All-Optical WDM Networks}",
journal = "{IEEE JLT}",
year = "2008"
}

@article{rnode-conn,
author = " J. Cheriyan and T. Jordán and Z. Nutov",
title = "{ On Rooted Node-Connectivity Problems}",
journal = "{Algorithmica}",
year = "2001"
}

@article{disj-paths,
author = " B. Yang and S.Q. Zheng and E. Lu",
title = "{ Finding Two Disjoint Paths in a Network with $\alpha^+$-MIN-SUM Obj. Function}",
journal = "{PDCS}",
year = "2008"
}

@article{menger,
author = " T. Böhme and F. Göring and J. Harant",
title = "{ Menger's Theorem}",
journal = "{Journal of Graph Theory, vol. 37. no. 1}",
year = "2001"
}

%%%%VL: 37
%%%%NO: 1
%%%%PG: 35-36
%%%%YR: 2001
%%%%CP: Copyright © 2001 John Wiley & Sons, Inc.
%%%%ON: 1097-0118
%%%%PN: 0364-9024
%%%%AD: Department of Mathematics, Technical University of Ilmenau, D-98684 Ilmenau, Germany
%%%%DOI: 10.1002/jgt.1001
%%%%US: http://dx.doi.org/10.1002/jgt.1001

%%%%%%%%%%%% multi-programming 

@article{regiment,
 author = {R. Newton et al},
 title = "{The Regiment Macroprogramming System}",
 journal = {ACM IPSN},
 year = {2007},
 }

@article{abstract-regions,
 author = {M. Welsh and G. Mainland},
 title = "{Programming Sensor Networks using Abstract Regions}",
 journal = {NSDI},
 year = {2004},
 }

 
 @inproceedings{kairos,
 author = {R. Gummadi et al},
 title = "{Macro-programming Wireless Sensor Networks Using Kairos}",
 booktitle = {Dist. Comp. in Sensor Sys.},
 year = {2005}
 }


%%%%%%%%%%%% RT scheduling

@article{mode-change,
 author = {L. Sha and R. Rajkumar and J. Lehoczky and K. Ramamritham},
 title = "{Mode Change Protocols for Priority-driven Preemptive Scheduling}",
 journal = {J. Real-Time Sys.},
 year = {1989},
 }
 
@article{mode-change-survey,
 author = {Jorge Real and Alfons Crespo},
 title = "{Mode Change Protocols for Real-Time Systems: A Survey}",
 journal = {J. Real-Time Sys.},
 year = {2004},
 }
 
@book{rts-book,
   author = {J.W.S. Liu},
   title= {Real-Time Systems},
   publisher = {Prentice Hall},
   year = 2000
}

%%%%%%%%%%%%
@article{zchaff,
 author = {Z. Fu and Y. Mahajan and S. Malik},
 title = "{New Features of the SAT'04 versions of zChaff }",
 journal = {SAT Competition},
 year = {2004},
 }

%%%%%%%%%%%%%%%% network control  

@article{ncs_survey,
    author = {J. P. Hespanha and P. Naghshtabrizi and Y. Xu},
    title = {A survey of recent results in networked control systems},
    journal = {Proc. of the IEEE},
    year = {2007},
}

@article{ncs_stability,
    author = {W. Zhang and M.S. Branicky and S.M. Phillips},
    title = {Stability of Networked Control Systems},
    journal = {IEEE Control Sys. Mag.},
    year = {2001},
}

%%%%%%%%%%%%%%%% process control

@book{process_ctrl,
   author = {D.R. Lewin et. al},
   title= {Using Process Simulators in Chemical Engineering},
   publisher = {Wiley},
   year = 2009
   }

   
@article{shell_problem,
    author = {D.M. Prett and M. Morari,},
    title = {The shell process control workshop},
    journal = {Butterworths},
    year = {1986},
}